<?xml version="1.0" encoding="UTF-8"?><collection xmlns="http://www.loc.gov/MARC21/slim"><record><leader>00443nam--2200169-i-4500</leader><controlfield tag="001">000049813</controlfield><controlfield tag="002">20161230</controlfield><controlfield tag="005">20161230201047</controlfield><controlfield tag="008">060222s1000------------r-----000-0-rus-d</controlfield><datafield ind1=" " ind2=" " tag="041"><subfield code="a">rus</subfield></datafield><datafield ind1=" " ind2=" " tag="080"><subfield code="a">53</subfield></datafield><datafield ind1="1" ind2=" " tag="100"><subfield code="a">Arsenin,V.Ia</subfield></datafield><datafield ind1="1" ind2="0" tag="245"><subfield code="a">Matematicheskaia fizika. osnovnye uravneniia i specialnye funkcii</subfield><subfield code="c">V.ia. arsenin</subfield></datafield><datafield ind1=" " ind2=" " tag="260"><subfield code="a">Moskva</subfield><subfield code="b">Izd.Nauka</subfield><subfield code="c">1966</subfield></datafield><datafield ind1=" " ind2=" " tag="300"><subfield code="a">367 S</subfield></datafield><datafield ind1=" " ind2=" " tag="852"><subfield code="a">24273</subfield><subfield code="c">53.02</subfield></datafield><datafield ind1=" " ind2=" " tag="CAT"><subfield code="a">Sys</subfield><subfield code="c">20151020</subfield><subfield code="h">124319</subfield></datafield></record></collection>